<collection xmlns="http://www.loc.gov/MARC21/slim"><record><leader>01067nam  2200289   450</leader><controlfield tag="001">832</controlfield><controlfield tag="003">http://montalegre.opacnet.com/OPAC/default.aspx?ContentAreaControl=ShowRegHoldings.ascx&amp;RegNo=16662</controlfield><controlfield tag="005">20</controlfield><datafield tag="021" ind1=" " ind2=" "><subfield code="a">PT</subfield><subfield code="b">25785/89</subfield></datafield><datafield tag="100" ind1=" " ind2=" "><subfield code="a">20061013d1988    de.y0pora010305  ba</subfield></datafield><datafield tag="101" ind1="0" ind2=" "><subfield code="a">por</subfield></datafield><datafield tag="102" ind1=" " ind2=" "><subfield code="a">PT</subfield></datafield><datafield tag="200" ind1="1" ind2=" "><subfield code="a">Em pleno azul</subfield><subfield code="f">Virgínia de Castro e Almeida</subfield><subfield code="g">ilust.: José Cambraia</subfield></datafield><datafield tag="205" ind1=" " ind2=" "><subfield code="a">11ª ed</subfield></datafield><datafield tag="210" ind1=" " ind2=" "><subfield code="a">Lisboa</subfield><subfield code="c">Clássica</subfield><subfield code="d">1988</subfield></datafield><datafield tag="215" ind1=" " ind2=" "><subfield code="a">267 p.</subfield><subfield code="c">il.</subfield><subfield code="d">19 cm</subfield></datafield><datafield tag="225" ind1="2" ind2=" "><subfield code="a">Juvenil</subfield><subfield code="v">12</subfield></datafield><datafield tag="606" ind1=" " ind2=" "><subfield code="a">Literatura portuguesa</subfield><subfield code="2">Autoridade</subfield><subfield code="3">PT-----------2012041710390005598</subfield></datafield><datafield tag="608" ind1=" " ind2=" "><subfield code="a">Romance de aventuras</subfield><subfield code="2">Autoridade</subfield><subfield code="3">PT9999-00-10-2009040123590005536</subfield></datafield><datafield tag="608" ind1=" " ind2=" "><subfield code="a">Publicações para crianças e jovens</subfield><subfield code="2">Autoridade</subfield><subfield code="3">PT-----------2012021614460005594</subfield></datafield><datafield tag="675" ind1=" " ind2=" "><subfield code="a">821.134.3-311.3</subfield></datafield><datafield tag="675" ind1=" " ind2=" "><subfield code="a">087.5</subfield></datafield><datafield tag="700" ind1=" " ind2="1"><subfield code="a">Almeida</subfield><subfield code="b">Virgínia de Castro e</subfield><subfield code="f">1874-1945</subfield></datafield><datafield tag="702" ind1=" " ind2="1"><subfield code="a">Cambraia</subfield><subfield code="b">José</subfield><subfield code="4">440</subfield></datafield><datafield tag="801" ind1=" " ind2="0"><subfield code="a">PT</subfield><subfield code="b">Biblioteca Municipal de Montalegre</subfield><subfield code="g">RPC</subfield></datafield><datafield tag="856" ind1=" " ind2=" "><subfield code="u">locateMedia.asp?cod=20060626123016&amp;ext=jpg</subfield><subfield code="z">CAPA</subfield></datafield><datafield tag="909" ind1="&#9;" ind2=" "><subfield code="a">2</subfield></datafield><datafield tag="966" ind1=" " ind2=" "><subfield code="a">0003045</subfield><subfield code="l">BMM</subfield><subfield code="s">SJ 821.134.3 ALM em 12</subfield></datafield><datafield tag="966" ind1=" " ind2=" "><subfield code="a">0003050</subfield><subfield code="l">BMM</subfield><subfield code="s">SJ 821.134.3 ALM em 12</subfield></datafield></record></collection>